
@unpublished{lab-manual,
    author = {Arami, Arash and Tand, Lyndon E. and Shushtari, Mo and Tahvilian, Ehsan},
    title = {Lab 3 â€“ Complete Sensor Fusion System},
    note = {University of Waterloo - ME 546 Multi-Sensor Data Fusion | Winter 2024}
}

@unpublished{lab-1,
    author = {Milne, Austin and Bennett, Jude and Ancich, William},
    title = {Lab 1 - Sensor Modeling - Report},
    note = {Student Report | University of Waterloo - ME 546 Multi-Sensor Data Fusion | Winter 2024}
}